PokerStars Hand #221748291650: Hold'em No Limit ($0.05/$0.10 USD) - 2024/03/15 21:04:33 ET
Table 'Alpheratz II' 6-max Seat #3 is the button
Seat 1: Hero ($10.45 in chips)
Seat 2: villain_a ($8.20 in chips)
Seat 3: villain_b ($12.00 in chips)
Seat 4: villain_c ($9.75 in chips)
Seat 5: villain_d ($6.30 in chips)
Seat 6: villain_e ($11.50 in chips)
villain_c: posts small blind $0.05
villain_d: posts big blind $0.10
*** HOLE CARDS ***
Dealt to Hero [Ah Kd]
villain_e: folds
Hero: raises $0.20 to $0.30
villain_a: folds
villain_b: folds
villain_c: folds
villain_d: calls $0.20
*** FLOP *** [As 7h 2c]
villain_d: checks
Hero: bets $0.35
villain_d: folds
Hero collected $0.65 from pot
*** SUMMARY ***
Total pot $0.65 | Rake $0
Board [As 7h 2c]
Seat 1: Hero collected ($0.65)
Seat 2: villain_a folded before Flop (didn't bet)
Seat 3: villain_b (button) folded before Flop (didn't bet)
Seat 4: villain_c (small blind) folded before Flop
Seat 5: villain_d (big blind) folded on the Flop
Seat 6: villain_e folded before Flop (didn't bet)

PokerStars Hand #221748291651: Hold'em No Limit ($0.05/$0.10 USD) - 2024/03/15 21:09:17 ET
Table 'Alpheratz II' 6-max Seat #4 is the button
Seat 1: Hero ($10.95 in chips)
Seat 2: villain_a ($8.20 in chips)
Seat 3: villain_b ($12.00 in chips)
Seat 4: villain_c ($9.75 in chips)
Seat 5: villain_d ($5.90 in chips)
Seat 6: villain_e ($11.50 in chips)
villain_d: posts small blind $0.05
villain_e: posts big blind $0.10
*** HOLE CARDS ***
Dealt to Hero [Qs Qd]
villain_a: folds
villain_b: folds
villain_c: folds
Hero: raises $0.20 to $0.30
villain_d: folds
villain_e: raises $0.70 to $0.80
Hero: raises $2.00 to $2.80
villain_e: calls $2.00
*** FLOP *** [3h 7c 2d]
villain_e: checks
Hero: bets $1.80
villain_e: folds
Hero collected $5.70 from pot
*** SUMMARY ***
Total pot $5.70 | Rake $0.27
Board [3h 7c 2d]
Seat 1: Hero collected ($5.70)
Seat 2: villain_a folded before Flop (didn't bet)
Seat 3: villain_b folded before Flop (didn't bet)
Seat 4: villain_c (button) folded before Flop (didn't bet)
Seat 5: villain_d (small blind) folded before Flop
Seat 6: villain_e (big blind) folded on the Flop

PokerStars Hand #221748291652: Hold'em No Limit ($0.05/$0.10 USD) - 2024/03/15 21:14:02 ET
Table 'Alpheratz II' 6-max Seat #1 is the button
Seat 1: Hero ($13.55 in chips)
Seat 2: villain_a ($8.20 in chips)
Seat 3: villain_b ($12.00 in chips)
Seat 4: villain_c ($9.75 in chips)
Seat 5: villain_d ($5.90 in chips)
Seat 6: villain_e ($8.70 in chips)
villain_a: posts small blind $0.05
villain_b: posts big blind $0.10
*** HOLE CARDS ***
Dealt to Hero [Js Td]
villain_c: folds
villain_d: folds
villain_e: folds
Hero: raises $0.20 to $0.30
villain_a: folds
villain_b: calls $0.20
*** FLOP *** [9s 8h 2c]
villain_b: checks
Hero: bets $0.35
villain_b: calls $0.35
*** TURN *** [9s 8h 2c] [7d]
villain_b: checks
Hero: bets $0.80
villain_b: raises $2.00 to $2.80
Hero: calls $2.00
*** RIVER *** [9s 8h 2c 7d] [Kh]
villain_b: bets $4.00
Hero: folds
villain_b collected $7.55 from pot
*** SUMMARY ***
Total pot $7.55 | Rake $0.38
Board [9s 8h 2c 7d Kh]
Seat 1: Hero (button) folded on the River
Seat 2: villain_a (small blind) folded before Flop
Seat 3: villain_b (big blind) collected ($7.55)
Seat 4: villain_c folded before Flop (didn't bet)
Seat 5: villain_d folded before Flop (didn't bet)
Seat 6: villain_e folded before Flop (didn't bet)

PokerStars Hand #221748291653: Hold'em No Limit ($0.05/$0.10 USD) - 2024/03/15 21:18:45 ET
Table 'Alpheratz II' 6-max Seat #2 is the button
Seat 1: Hero ($10.15 in chips)
Seat 2: villain_a ($9.75 in chips)
Seat 3: villain_b ($14.85 in chips)
Seat 4: villain_c ($9.75 in chips)
Seat 5: villain_d ($5.90 in chips)
Seat 6: villain_e ($8.70 in chips)
villain_b: posts small blind $0.05
villain_c: posts big blind $0.10
*** HOLE CARDS ***
Dealt to Hero [2s 3h]
villain_d: folds
villain_e: folds
Hero: folds
villain_a: folds
villain_b: raises $0.20 to $0.25
villain_c: folds
villain_b collected $0.20 from pot
*** SUMMARY ***
Total pot $0.20 | Rake $0
Seat 1: Hero folded before Flop (didn't bet)
Seat 2: villain_a (button) folded before Flop (didn't bet)
Seat 3: villain_b (small blind) collected ($0.20)
Seat 4: villain_c (big blind) folded before Flop
Seat 5: villain_d folded before Flop (didn't bet)
Seat 6: villain_e folded before Flop (didn't bet)

PokerStars Hand #221748291654: Hold'em No Limit ($0.05/$0.10 USD) - 2024/03/15 21:23:11 ET
Table 'Alpheratz II' 6-max Seat #3 is the button
Seat 1: Hero ($10.15 in chips)
Seat 2: villain_a ($9.75 in chips)
Seat 3: villain_b ($14.85 in chips)
Seat 4: villain_c ($9.75 in chips)
Seat 5: villain_d ($5.90 in chips)
Seat 6: villain_e ($8.70 in chips)
villain_c: posts small blind $0.05
villain_d: posts big blind $0.10
*** HOLE CARDS ***
Dealt to Hero [Kc Kh]
villain_e: folds
Hero: raises $0.20 to $0.30
villain_a: folds
villain_b: folds
villain_c: calls $0.25
villain_d: folds
*** FLOP *** [Ks 5d 2h]
villain_c: checks
Hero: bets $0.25
villain_c: raises $0.75 to $1.00
Hero: raises $2.50 to $3.50
villain_c: calls $2.50
*** TURN *** [Ks 5d 2h] [9c]
villain_c: checks
Hero: bets $5.00
villain_c: calls $5.00
*** RIVER *** [Ks 5d 2h 9c] [3d]
villain_c: checks
Hero: bets $1.35 and is all-in
villain_c: calls $1.35
*** SHOW DOWN ***
Hero: shows [Kc Kh] (three of a kind, Kings)
villain_c: shows [5h 5c] (three of a kind, Fives)
Hero collected $20.05 from pot
*** SUMMARY ***
Total pot $20.05 | Rake $1.00
Board [Ks 5d 2h 9c 3d]
Seat 1: Hero showed [Kc Kh] and won ($20.05) with three of a kind, Kings
Seat 2: villain_a folded before Flop (didn't bet)
Seat 3: villain_b (button) folded before Flop (didn't bet)
Seat 4: villain_c (small blind) showed [5h 5c] and lost with three of a kind, Fives
Seat 5: villain_d (big blind) folded before Flop
Seat 6: villain_e folded before Flop (didn't bet)

PokerStars Hand #221748291655: Hold'em No Limit ($0.05/$0.10 USD) - 2024/03/15 21:30:58 ET
Table 'Alpheratz II' 6-max Seat #4 is the button
Seat 1: Hero ($29.20 in chips)
Seat 2: villain_a ($9.75 in chips)
Seat 3: villain_b ($14.85 in chips)
Seat 4: villain_c ($0 in chips)
Seat 5: villain_d ($5.90 in chips)
Seat 6: villain_e ($8.70 in chips)
villain_d: posts small blind $0.05
villain_e: posts big blind $0.10
*** HOLE CARDS ***
Dealt to Hero [Ad Jh]
villain_a: folds
villain_b: raises $0.20 to $0.30
villain_c: folds
Hero: calls $0.30
villain_d: folds
villain_e: folds
*** FLOP *** [Ac 8d 4s]
villain_b: checks
Hero: bets $0.40
villain_b: calls $0.40
*** TURN *** [Ac 8d 4s] [Jc]
villain_b: checks
Hero: bets $1.10
villain_b: folds
Hero collected $1.50 from pot
*** SUMMARY ***
Total pot $1.50 | Rake $0.07
Board [Ac 8d 4s Jc]
Seat 1: Hero collected ($1.50)
Seat 2: villain_a folded before Flop (didn't bet)
Seat 3: villain_b folded on the Turn
Seat 4: villain_c (button) folded before Flop (didn't bet)
Seat 5: villain_d (small blind) folded before Flop
Seat 6: villain_e (big blind) folded before Flop

PokerStars Hand #221748291656: Hold'em No Limit ($0.05/$0.10 USD) - 2024/03/15 21:36:22 ET
Table 'Alpheratz II' 6-max Seat #5 is the button
Seat 1: Hero ($30.13 in chips)
Seat 2: villain_a ($9.75 in chips)
Seat 3: villain_b ($13.65 in chips)
Seat 4: villain_c ($14.00 in chips)
Seat 5: villain_d ($6.80 in chips)
Seat 6: villain_e ($8.70 in chips)
villain_e: posts small blind $0.05
Hero: posts big blind $0.10
*** HOLE CARDS ***
Dealt to Hero [7h 8h]
villain_a: folds
villain_b: folds
villain_c: raises $0.20 to $0.30
villain_d: folds
villain_e: folds
Hero: calls $0.20
*** FLOP *** [6h 9s 2h]
Hero: checks
villain_c: bets $0.35
Hero: calls $0.35
*** TURN *** [6h 9s 2h] [5d]
Hero: bets $0.80
villain_c: folds
Hero collected $1.35 from pot
*** SUMMARY ***
Total pot $1.35 | Rake $0.07
Board [6h 9s 2h 5d]
Seat 1: Hero (big blind) collected ($1.35)
Seat 2: villain_a folded before Flop (didn't bet)
Seat 3: villain_b folded before Flop (didn't bet)
Seat 4: villain_c folded on the Turn
Seat 5: villain_d (button) folded before Flop (didn't bet)
Seat 6: villain_e (small blind) folded before Flop

PokerStars Hand #221748291657: Hold'em No Limit ($0.05/$0.10 USD) - 2024/03/15 21:41:05 ET
Table 'Alpheratz II' 6-max Seat #6 is the button
Seat 1: Hero ($31.13 in chips)
Seat 2: villain_a ($9.75 in chips)
Seat 3: villain_b ($13.65 in chips)
Seat 4: villain_c ($13.35 in chips)
Seat 5: villain_d ($6.80 in chips)
Seat 6: villain_e ($8.70 in chips)
Hero: posts small blind $0.05
villain_a: posts big blind $0.10
*** HOLE CARDS ***
Dealt to Hero [Ac Qc]
villain_b: folds
villain_c: folds
villain_d: folds
villain_e: folds
Hero: raises $0.20 to $0.25
villain_a: raises $0.65 to $0.75
Hero: calls $0.50
*** FLOP *** [Qh 4d 2s]
Hero: checks
villain_a: bets $0.55
Hero: calls $0.55
*** TURN *** [Qh 4d 2s] [Tc]
Hero: checks
villain_a: checks
*** RIVER *** [Qh 4d 2s Tc] [3h]
Hero: bets $1.20
villain_a: calls $1.20
*** SHOW DOWN ***
Hero: shows [Ac Qc] (a pair of Queens)
villain_a: shows [Kd Ks] (a pair of Kings)
villain_a collected $5.05 from pot
*** SUMMARY ***
Total pot $5.05 | Rake $0.25
Board [Qh 4d 2s Tc 3h]
Seat 1: Hero (small blind) showed [Ac Qc] and lost with a pair of Queens
Seat 2: villain_a (big blind) showed [Kd Ks] and won ($5.05) with a pair of Kings
Seat 3: villain_b folded before Flop (didn't bet)
Seat 4: villain_c folded before Flop (didn't bet)
Seat 5: villain_d folded before Flop (didn't bet)
Seat 6: villain_e (button) folded before Flop (didn't bet)

PokerStars Hand #221748291658: Hold'em No Limit ($0.05/$0.10 USD) - 2024/03/15 21:47:33 ET
Table 'Alpheratz II' 6-max Seat #1 is the button
Seat 1: Hero ($28.63 in chips)
Seat 2: villain_a ($13.35 in chips)
Seat 3: villain_b ($13.65 in chips)
Seat 4: villain_c ($13.35 in chips)
Seat 5: villain_d ($6.80 in chips)
Seat 6: villain_e ($8.70 in chips)
villain_a: posts small blind $0.05
villain_b: posts big blind $0.10
*** HOLE CARDS ***
Dealt to Hero [5c 5s]
villain_c: folds
villain_d: folds
villain_e: folds
Hero: raises $0.20 to $0.30
villain_a: folds
villain_b: calls $0.20
*** FLOP *** [Kd 9h 5h]
villain_b: checks
Hero: bets $0.35
villain_b: raises $1.10 to $1.45
Hero: raises $3.50 to $4.95
villain_b: folds
Hero collected $3.25 from pot
*** SUMMARY ***
Total pot $3.25 | Rake $0.16
Board [Kd 9h 5h]
Seat 1: Hero (button) collected ($3.25)
Seat 2: villain_a (small blind) folded before Flop
Seat 3: villain_b (big blind) folded on the Flop
Seat 4: villain_c folded before Flop (didn't bet)
Seat 5: villain_d folded before Flop (didn't bet)
Seat 6: villain_e folded before Flop (didn't bet)

PokerStars Hand #221748291659: Hold'em No Limit ($0.05/$0.10 USD) - 2024/03/15 21:52:10 ET
Table 'Alpheratz II' 6-max Seat #2 is the button
Seat 1: Hero ($31.72 in chips)
Seat 2: villain_a ($13.35 in chips)
Seat 3: villain_b ($8.30 in chips)
Seat 4: villain_c ($13.35 in chips)
Seat 5: villain_d ($6.80 in chips)
Seat 6: villain_e ($8.70 in chips)
villain_b: posts small blind $0.05
villain_c: posts big blind $0.10
*** HOLE CARDS ***
Dealt to Hero [Th Tc]
villain_d: folds
villain_e: folds
Hero: raises $0.20 to $0.30
villain_a: folds
villain_b: folds
villain_c: calls $0.20
*** FLOP *** [4c 7s Ts]
villain_c: bets $0.30
Hero: raises $1.00 to $1.30
villain_c: calls $1.00
*** TURN *** [4c 7s Ts] [2h]
villain_c: checks
Hero: bets $2.00
villain_c: calls $2.00
*** RIVER *** [4c 7s Ts 2h] [8d]
villain_c: checks
Hero: bets $4.00
villain_c: raises $9.75 to $9.75 and is all-in
Hero: calls $5.75
*** SHOW DOWN ***
Hero: shows [Th Tc] (three of a kind, Tens)
villain_c: shows [7h 7c] (three of a kind, Sevens)
Hero collected $26.80 from pot
*** SUMMARY ***
Total pot $26.80 | Rake $1.34
Board [4c 7s Ts 2h 8d]
Seat 1: Hero showed [Th Tc] and won ($26.80) with three of a kind, Tens
Seat 2: villain_a (button) folded before Flop (didn't bet)
Seat 3: villain_b (small blind) folded before Flop
Seat 4: villain_c (big blind) showed [7h 7c] and lost with three of a kind, Sevens
Seat 5: villain_d folded before Flop (didn't bet)
Seat 6: villain_e folded before Flop (didn't bet)
